<record><leader>00000cas a22000007a 4500</leader><controlfield tag="001">13789229</controlfield><controlfield tag="008">860627d18871903nvuix ne      0    0eng d</controlfield><datafield ind1=" " ind2=" " tag="010"><subfield code="a">sn 86076292 </subfield></datafield><datafield ind1=" " ind2=" " tag="040"><subfield code="a">NNX</subfield><subfield code="b">eng</subfield><subfield code="c">NNX</subfield><subfield code="d">CNK</subfield><subfield code="d">OCLCQ</subfield></datafield><datafield ind1=" " ind2=" " tag="042"><subfield code="a">msc</subfield></datafield><datafield ind1="0" ind2="0" tag="245"><subfield code="a">Tuscarora times-review.</subfield></datafield><datafield ind1=" " ind2=" " tag="260"><subfield code="a">Tuscarora, Nev. :</subfield><subfield code="b">O.L.C. Fairchild,</subfield><subfield code="c">1887-1903.</subfield></datafield><datafield ind1=" " ind2=" " tag="300"><subfield code="a">30 v.</subfield></datafield><datafield ind1=" " ind2=" " tag="310"><subfield code="a">Three times a week,</subfield><subfield code="b">&lt;June 15, 1897&gt;-</subfield></datafield><datafield ind1=" " ind2=" " tag="321"><subfield code="a">Daily (except Sun.),</subfield><subfield code="b">Jan. 3, 1887-Nov. 10, 1894</subfield></datafield><datafield ind1=" " ind2=" " tag="321"><subfield code="a">Weekly,</subfield><subfield code="b">Nov. 17, 1894-&lt;Oct. 5, 1895&gt;</subfield></datafield><datafield ind1="0" ind2=" " tag="362"><subfield code="a">Vol. 18, no. 19 (Jan. 3, 1887)-v. 47, no. 35 (Dec. 26, 1903).</subfield></datafield><datafield ind1=" " ind2=" " tag="500"><subfield code="a">Publisher: &lt;June 15, 1987&gt;-Nov. 17, 1900, Bingham Bros.; Nov. 20, 1900-July 16, 1903, T.C. Plunkett &amp; Son; July 18, 1903-Dec. 26, 1903, W.D. Plunkett.</subfield></datafield><datafield ind1=" " ind2=" " tag="515"><subfield code="a">Frequent misnumbering.</subfield></datafield><datafield ind1=" " ind2=" " tag="752"><subfield code="a">United States</subfield><subfield code="b">Nevada</subfield><subfield code="c">Elko</subfield><subfield code="d">Tuscarora.</subfield></datafield><datafield ind1="0" ind2="0" tag="780"><subfield code="t">Tuscarora times and mining review</subfield><subfield code="w">(DLC)sn 86076291</subfield><subfield code="w">(OCoLC)13789327</subfield></datafield></record>